@article{lhc,
	title = {{LHC} {Machine}},
	volume = {3},
	issn = {1748-0221},
	url = {https://iopscience.iop.org/article/10.1088/1748-0221/3/08/S08001},
	doi = {10.1088/1748-0221/3/08/S08001},
	number = {08},
	urldate = {2024-11-27},
	journal = {Journal of Instrumentation},
	author = {Evans, Lyndon and Bryant, Philip},
	month = aug,
	year = {2008},
	pages = {S08001--S08001},
}

@article{HiggsDiscovery,
	title = {Observation of a new boson at a mass of 125 {GeV} with the {CMS} experiment at the {LHC}},
	volume = {716},
	copyright = {https://www.elsevier.com/tdm/userlicense/1.0/},
	issn = {03702693},
	url = {https://linkinghub.elsevier.com/retrieve/pii/S0370269312008581},
	doi = {10.1016/j.physletb.2012.08.021},
	language = {en},
	number = {1},
	urldate = {2024-11-27},
	journal = {Physics Letters B},
	author = {{CMS Collaboration}},
	month = sep,
	year = {2012},
	pages = {30--61},
}

@misc{linac4,
	title = {{CERN} {Yellow} {Reports}: {Monographs}, {Vol}. 6 (2020): {Linac4} design report},
	copyright = {Creative Commons Attribution 4.0 International},
	shorttitle = {{CERN} {Yellow} {Reports}},
	url = {https://e-publishing.cern.ch/index.php/CYRM/issue/view/121},
	doi = {10.23731/CYRM-2020-006},
	language = {en},
	urldate = {2024-11-27},
	publisher = {CERN Yellow Reports: Monographs},
	author = {{CERN Yellow Reports: Monographs}},
	month = sep,
	year = {2020},
}

@article{TheCMSCollaboration_2008,
	title = {The {CMS} experiment at the {CERN} {LHC}},
	volume = {3},
	issn = {1748-0221},
	url = {https://iopscience.iop.org/article/10.1088/1748-0221/3/08/S08004},
	doi = {10.1088/1748-0221/3/08/S08004},
	number = {08},
	urldate = {2024-11-27},
	journal = {Journal of Instrumentation},
	author = {{CMS Collaboration}},
	month = aug,
	year = {2008},
	pages = {S08004--S08004},
}

@misc{cern-accelerator-complex,
	title = {The accelerator complex {\textbar} {CERN}},
	url = {https://home.cern/science/accelerators/accelerator-complex},
	urldate = {2024-11-27},
}

@misc{CERN:39040,
	title = {Layout of {CMS}},
	url = {https://cds.cern.ch/record/39040},
	urldate = {2024-11-27},
	author = {{CERN AC}},
	year = {1998},
}

@misc{LHCSchedule,
	title = {{LHC} long term schedule},
	url = {https://lhc-commissioning.web.cern.ch/schedule/LHC-long-term.htm},
	urldate = {2024-11-27},
}

@misc{Barney:2120661,
	title = {{CMS} {Detector} {Slice}},
	url = {https://cds.cern.ch/record/2120661},
	urldate = {2024-11-27},
	author = {Barney, David},
	year = {2016},
}

@misc{CERN-LHCC-2020-004,
	title = {The {Phase}-2 {Upgrade} of the {CMS} {Level}-1 {Trigger}},
	url = {https://cds.cern.ch/record/2714892},
	urldate = {2024-11-27},
	publisher = {CERN},
	year = {2020},
}

@article{PhysRevAccelBeams.21.102801,
	title = {Luminosity scans for beam diagnostics},
	volume = {21},
	issn = {2469-9888},
	url = {https://link.aps.org/doi/10.1103/PhysRevAccelBeams.21.102801},
	doi = {10.1103/PhysRevAccelBeams.21.102801},
	language = {en},
	number = {10},
	urldate = {2024-11-27},
	journal = {Physical Review Accelerators and Beams},
	author = {Hostettler, M. and Fuchsberger, K. and Papotti, G. and Papaphilippou, Y. and Pieloni, T.},
	month = oct,
	year = {2018},
	pages = {102801},
}

@article{cms2022measurement,
	title = {Measurement of differential cross sections for the production of a {Z} boson in association with jets in proton-proton collisions at $\sqrt{s}$ = 13 {TeV}},
	volume = {108},
	issn = {2470-0010, 2470-0029},
	url = {https://link.aps.org/doi/10.1103/PhysRevD.108.052004},
	doi = {10.1103/PhysRevD.108.052004},
	language = {en},
	number = {5},
	urldate = {2024-11-27},
	journal = {Physical Review D},
	author = {{CMS Collaboration}},
	month = sep,
	year = {2023},
	pages = {052004},
}

@article{sirunyan2019measurement,
	title = {Measurement of the $\mathrm{t}\overline{\mathrm{t}}$ production cross section, the top quark mass, and the strong coupling constant using dilepton events in pp collisions at $\sqrt{s}$ = 13 {TeV}},
	volume = {79},
	issn = {1434-6044, 1434-6052},
	url = {http://link.springer.com/10.1140/epjc/s10052-019-6863-8},
	doi = {10.1140/epjc/s10052-019-6863-8},
	language = {en},
	number = {5},
	urldate = {2024-11-27},
	journal = {The European Physical Journal C},
	author = {{CMS Collaboration}},
	month = may,
	year = {2019},
	pages = {368},
}

@misc{Burkhardt:1056691,
	title = {Absolute {Luminosity} from {Machine} {Parameters}},
	url = {https://cds.cern.ch/record/1056691},
	urldate = {2024-11-27},
	author = {Burkhardt, H. and Grafström, P.},
	year = {2007},
}

@techreport{furman2003moeller,
	title = {The {Moeller} luminosity factor},
	url = {http://www.osti.gov/servlets/purl/836235-38uG55/native/},
	language = {en},
	number = {LBNL--53553, CBP Note - 543, 836235},
	urldate = {2024-11-27},
	author = {Furman, M.A.},
	month = aug,
	year = {2003},
	doi = {10.2172/836235},
	pages = {LBNL--53553, CBP Note -- 543, 836235},
}

@misc{Brüning:782076,
	title = {{LHC} {Design} {Report}},
	url = {http://cds.cern.ch/record/823808},
	doi = {10.5170/CERN-2004-003-V-3},
	language = {en},
	urldate = {2024-11-27},
	publisher = {CERN},
	author = {Schindl, Karlheinz and Collier, Paul and Poole, John and Mertens, V. and Benedikt, Michael},
	year = {2004},
	keywords = {Accelerators and Storage Rings},
}

@article{TheLHCbcollaboration_2014,
	title = {Precision luminosity measurements at {LHCb}},
	volume = {9},
	copyright = {http://iopscience.iop.org/info/page/text-and-data-mining},
	issn = {1748-0221},
	url = {https://iopscience.iop.org/article/10.1088/1748-0221/9/12/P12005},
	doi = {10.1088/1748-0221/9/12/P12005},
	number = {12},
	urldate = {2024-11-27},
	journal = {Journal of Instrumentation},
	author = {{LHCb Collaboration}},
	month = dec,
	year = {2014},
	pages = {P12005--P12005},
}

@article{Sirunyan:2759951,
	title = {Precision luminosity measurement in proton–proton collisions at $\sqrt{s}$ = 13 {TeV} in 2015 and 2016 at {CMS}},
	volume = {81},
	issn = {1434-6044, 1434-6052},
	url = {https://link.springer.com/10.1140/epjc/s10052-021-09538-2},
	doi = {10.1140/epjc/s10052-021-09538-2},
	language = {en},
	number = {9},
	urldate = {2024-11-27},
	journal = {The European Physical Journal C},
	author = {{CMS Collaboration}},
	month = sep,
	year = {2021},
	pages = {800},
}

@phdthesis{Saariokari:2826125,
	title = {Calibration of luminometers at {Compact} {Muon} {Solenoid} experiment. {Luminometrien} kalibrointi {Compact} {Muon} {Solenoid} -kokeessa},
	url = {https://cds.cern.ch/record/2826125},
	urldate = {2024-11-27},
	school = {Tampere U.},
	author = {Saariokari, Santeri},
	year = {2022},
}

@techreport{CMS:2012tda,
	title = {{CMS} {Technical} {Design} {Report} for the {Phase} 1 {Upgrade} of the {Hadron} {Calorimeter}},
	url = {https://cds.cern.ch/record/1481837},
	urldate = {2024-11-27},
	author = {Mans, J. and Anderson, J. and Dahmes, B. and de Barbaro, P. and Freeman, J. and Grassi, T. and Hazen, E. and Mans, J. and Ruchti, R. and Schimdt, I. and Shaw, T. and Tully, C. and Whitmore, J. and Yetkin, T.},
	year = {2012},
}

@article{CMS-DP-2021-020,
	title = {The {Pixel} {Luminosity} {Telescope}: a detector for luminosity measurement at {CMS} using silicon pixel sensors},
	volume = {83},
	issn = {1434-6052},
	shorttitle = {The {Pixel} {Luminosity} {Telescope}},
	url = {https://link.springer.com/10.1140/epjc/s10052-023-11713-6},
	doi = {10.1140/epjc/s10052-023-11713-6},
	language = {en},
	number = {7},
	urldate = {2024-11-27},
	journal = {The European Physical Journal C},
	author = {{CMS BRIL Collaboration}},
	month = jul,
	year = {2023},
	pages = {673},
}

@misc{Romeo:2797807,
	title = {Performance of the {Pixel} {Luminosity} {Telescope} for {Luminosity} {Measurement} at {CMS} during {Run2}},
	url = {https://cds.cern.ch/record/2797807},
	urldate = {2024-11-27},
	publisher = {CERN},
	author = {Romeo, Francesco},
	year = {2019},
}

@misc{DelannoySotomayor:2765247,
	title = {{BRIL} {LS2} {Activity}: {PLT} \&amp; {BCM1f} {Integration}},
	shorttitle = {{BRIL} {LS2} {Activity}},
	url = {https://cds.cern.ch/record/2765247},
	urldate = {2024-11-27},
	author = {Delannoy Sotomayor, Andres Guillermo and Wanczyk, Joanna},
	year = {2021},
}

@article{KASTLI2006188,
	title = {Design and performance of the {CMS} pixel detector readout chip},
	volume = {565},
	copyright = {https://www.elsevier.com/tdm/userlicense/1.0/},
	issn = {01689002},
	url = {https://linkinghub.elsevier.com/retrieve/pii/S0168900206007674},
	doi = {10.1016/j.nima.2006.05.038},
	language = {en},
	number = {1},
	urldate = {2024-11-27},
	journal = {Nuclear Instruments and Methods in Physics Research Section A: Accelerators, Spectrometers, Detectors and Associated Equipment},
	author = {Kästli, H.Chr. and Barbero, M. and Erdmann, W. and Hörmann, Ch. and Horisberger, R. and Kotlinski, D. and Meier, B.},
	month = sep,
	year = {2006},
	pages = {188--194},
}

@misc{Lujan:2797692,
	title = {The {Pixel} {Luminosity} {Telescope}: a silicon sensor detector for luminosity measurement at {CMS}},
	shorttitle = {The {Pixel} {Luminosity} {Telescope}},
	url = {https://cds.cern.ch/record/2797692},
	urldate = {2024-11-27},
	publisher = {CERN},
	author = {Lujan, Paul Joseph},
	year = {2022},
}

@article{CMS-DP-2022-033,
	title = {Upgraded {CMS} {Fast} {Beam} {Condition} {Monitor} for {LHC} {Run} 3 {Online} {Luminosity} and {Beam} {Induced} {Background} {Measurements}},
	copyright = {Creative Commons Attribution 4.0 International},
	issn = {2673-5350},
	url = {https://jacow.org/ibic2022/doi/JACoW-IBIC2022-TH2C2.html},
	doi = {10.18429/JACOW-IBIC2022-TH2C2},
	language = {en},
	urldate = {2024-11-27},
	author = {Wańczyk, Joanna},
	collaborator = {Forck, Peter and Wawrzyniak, Adriana and Schaa, Volker R.W. and Kowalski, Grzegorz W. and Cudek, Agnieszka (SOLARIS},
	month = dec,
	year = {2022},
	keywords = {Accelerator Physics, 07 Machine Parameter Measurements},
	pages = {5 pages, 8.278 MB},
}

@article{Zagozdzinska_2016,
	title = {New {Fast} {Beam} {Conditions} {Monitoring} ({BCM1F}) system for {CMS}},
	volume = {11},
	copyright = {http://iopscience.iop.org/info/page/text-and-data-mining},
	issn = {1748-0221},
	url = {https://iopscience.iop.org/article/10.1088/1748-0221/11/01/C01088},
	doi = {10.1088/1748-0221/11/01/C01088},
	number = {01},
	urldate = {2024-11-27},
	journal = {Journal of Instrumentation},
	author = {Zagozdzinska, A.A. and Bell, A.J. and Dabrowski, A.E. and Hempel, M. and Henschel, H.M. and Karacheban, O. and Przyborowski, D. and Leonard, J.L. and Penno, M. and Pozniak, K.T. and Miraglia, M. and Lange, W. and Lohmann, W. and Ryjov, V. and Lokhovitskiy, A. and Stickland, D. and Walsh, R.},
	month = jan,
	year = {2016},
	pages = {C01088--C01088},
}

@misc{DelannoySotomayor:2809025,
	title = {{CMS} {BRIL} {BCM1F} c-shape},
	url = {https://cds.cern.ch/record/2809025},
	urldate = {2024-11-27},
	author = {Delannoy Sotomayor, Andres Guillermo and Wanczyk, Joanna},
	year = {2022},
}

@phdthesis{Karacheban:2294183,
	title = {Luminosity measurement at {CMS}},
	url = {https://cds.cern.ch/record/2294183},
	urldate = {2024-11-27},
	school = {DESY},
	author = {Karacheban, Olena},
	year = {2017},
}

@misc{tracker2020cms,
	title = {The {CMS} {Phase}-1 {Pixel} {Detector} {Upgrade}},
	url = {https://cds.cern.ch/record/2745805},
	urldate = {2024-11-27},
	publisher = {CERN},
	author = {{The Tracker Group of the CMS Collaboration}},
	year = {2020},
}

@article{Triossi_2017,
	title = {The {CMS} {Barrel} {Muon} trigger upgrade},
	volume = {12},
	copyright = {http://iopscience.iop.org/info/page/text-and-data-mining},
	issn = {1748-0221},
	url = {https://iopscience.iop.org/article/10.1088/1748-0221/12/01/C01095},
	doi = {10.1088/1748-0221/12/01/C01095},
	number = {01},
	urldate = {2024-11-27},
	journal = {Journal of Instrumentation},
	author = {Triossi, A. and Bellato, M. and Ruiz, J.M. Cela and Ero, J. and Bedoya, C. Fernandez and Flouris, G. and Foudas, C. and Guiducci, L. and Loukas, N. and Tobar, A. Navarro and Mallios, S. and Masetti, G. and Montecassiano, F. and Paradas, E. and Fernandez, I. Redondo and Ferrero, D. Redondo and Sastre, J. and Sphicas, P. and Ventura, S. and Wulz, C.},
	month = jan,
	year = {2017},
	pages = {C01095--C01095},
}

@article{GRAFSTROM201597,
	title = {Luminosity determination at proton colliders},
	volume = {81},
	issn = {01466410},
	url = {https://linkinghub.elsevier.com/retrieve/pii/S0146641014000878},
	doi = {10.1016/j.ppnp.2014.11.002},
	language = {en},
	urldate = {2024-11-27},
	journal = {Progress in Particle and Nuclear Physics},
	author = {Grafström, P. and Kozanecki, W.},
	month = mar,
	year = {2015},
	pages = {97--148},
}

@article{Salfeld-Nebgen_2018,
	title = {Data-driven precision luminosity measurements with {Z} bosons at the {LHC} and {HL}-{LHC}},
	volume = {13},
	copyright = {http://iopscience.iop.org/info/page/text-and-data-mining},
	issn = {1748-0221},
	url = {https://iopscience.iop.org/article/10.1088/1748-0221/13/12/P12016},
	doi = {10.1088/1748-0221/13/12/P12016},
	number = {12},
	urldate = {2024-11-27},
	journal = {Journal of Instrumentation},
	author = {Salfeld-Nebgen, J. and Marlow, D.},
	month = dec,
	year = {2018},
	pages = {P12016--P12016},
}

@misc{vanderMeer:296752,
	address = {Geneva},
	title = {Calibration of the effective beam height in the {ISR}},
	url = {https://cds.cern.ch/record/296752},
	urldate = {2024-11-27},
	publisher = {CERN},
	author = {van der Meer, S.},
	year = {1968},
}

@misc{Rubbia:1025746,
	address = {Geneva},
	title = {Measurement of the luminosity of $\mathrm{p}\overline{\mathrm{p}}$ collider with a (generalized) {Van} der {Meer} {Method}},
	url = {https://cds.cern.ch/record/1025746},
	urldate = {2024-11-27},
	publisher = {CERN},
	author = {Rubbia, Carlo},
	year = {1977},
}

@article{ALICE-PUBLIC-2021-001,
	title = {{ALICE} luminosity determination for {Pb}–{Pb} collisions at √s $_{\textrm{{NN}}}$ = 5.02 {TeV}},
	volume = {19},
	issn = {1748-0221},
	url = {https://iopscience.iop.org/article/10.1088/1748-0221/19/02/P02039},
	doi = {10.1088/1748-0221/19/02/P02039},
	number = {02},
	urldate = {2024-11-27},
	journal = {Journal of Instrumentation},
	author = {Acharya, S. and Adamová, D. and Adler, A. and Aglieri Rinella, G. and Agnello, M. and Agrawal, N. and Ahammed, Z. and Ahmad, S. and Ahn, S.U. and Ahuja, I. and Akindinov, A. and Al-Turany, M. and Aleksandrov, D. and Alessandro, B. and Alfanda, H.M. and Alfaro Molina, R. and Ali, B. and Ali, Y. and Alici, A. and Alizadehvandchali, N. and Alkin, A. and Alme, J. and Alocco, G. and Alt, T. and Altsybeev, I. and Anaam, M.N. and Andrei, C. and Andronic, A. and Anguelov, V. and Antinori, F. and Antonioli, P. and Anuj, C. and Apadula, N. and Aphecetche, L. and Appelshäuser, H. and Arcelli, S. and Arnaldi, R. and Arsene, I.C. and Arslandok, M. and Augustinus, A. and Averbeck, R. and Aziz, S. and Azmi, M.D. and Badalà, A. and Baek, Y.W. and Bai, X. and Bailhache, R. and Bailung, Y. and Bala, R. and Balbino, A. and Baldisseri, A. and Balis, B. and Banerjee, D. and Banoo, Z. and Barbera, R. and Barioglio, L. and Barlou, M. and Barnaföldi, G.G. and Barnby, L.S. and Barret, V. and Barreto, L. and Bartels, C. and Barth, K. and Bartsch, E. and Baruffaldi, F. and Bastid, N. and Basu, S. and Batigne, G. and Battistini, D. and Batyunya, B. and Bauri, D. and Bazo Alba, J.L. and Bearden, I.G. and Beattie, C. and Becht, P. and Behera, D. and Belikov, I. and Bell Hechavarria, A.D.C. and Bellini, F. and Bellwied, R. and Belokurova, S. and Belyaev, V. and Bencedi, G. and Beole, S. and Bercuci, A. and Berdnikov, Y. and Berdnikova, A. and Bergmann, L. and Besoiu, M.G. and Betev, L. and Bhaduri, P.P. and Bhasin, A. and Bhat, I.R. and Bhat, M.A. and Bhattacharjee, B. and Bianchi, L. and Bianchi, N. and Bielčík, J. and Bielčíková, J. and Biernat, J. and Bilandzic, A. and Biro, G. and Biswas, S. and Blair, J.T. and Blau, D. and Blidaru, M.B. and Bluhme, N. and Blume, C. and Boca, G. and Bock, F. and Bodova, T. and Bogdanov, A. and Boi, S. and Bok, J. and Boldizsár, L. and Bolozdynya, A. and Bombara, M. and Bond, P.M. and Bonomi, G. and Borel, H. and Borissov, A. and Bossi, H. and Botta, E. and Bratrud, L. and Braun-Munzinger, P. and Bregant, M. and Broz, M. and Bruno, G.E. and Buckland, M.D. and Budnikov, D. and Buesching, H. and Bufalino, S. and Bugnon, O. and Buhler, P. and Buthelezi, Z. and Butt, J.B. and Bylinkin, A. and Bysiak, S.A. and Cai, M. and Caines, H. and Caliva, A. and Calvo Villar, E. and Camacho, J.M.M. and Camerini, P. and Canedo, F.D.M. and Carabas, M. and Carnesecchi, F. and Caron, R. and Castillo Castellanos, J. and Catalano, F. and Ceballos Sanchez, C. and Chakaberia, I. and Chakraborty, P. and Chandra, S. and Chapeland, S. and Chartier, M. and Chattopadhyay, S. and Chattopadhyay, S. and Chavez, T.G. and Cheng, T. and Cheshkov, C. and Cheynis, B. and Chibante Barroso, V. and Chinellato, D.D. and Chizzali, E.S. and Cho, J. and Cho, S. and Chochula, P. and Christakoglou, P. and Christensen, C.H. and Christiansen, P. and Chujo, T. and Ciacco, M. and Cicalo, C. and Cifarelli, L. and Cindolo, F. and Ciupek, M.R. and Clai, G. and Colamaria, F. and Colburn, J.S. and Colella, D. and Collu, A. and Colocci, M. and Concas, M. and Conesa Balbastre, G. and Conesa Del Valle, Z. and Contin, G. and Contreras, J.G. and Coquet, M.L. and Cormier, T.M. and Cortese, P. and Cosentino, M.R. and Costa, F. and Costanza, S. and Crochet, P. and Cruz-Torres, R. and Cuautle, E. and Cui, P. and Cunqueiro, L. and Dainese, A. and Danisch, M.C. and Danu, A. and Das, P. and Das, P. and Das, S. and Dash, A.R. and Dash, S. and David, R.M.H. and De Caro, A. and De Cataldo, G. and De Cilladi, L. and De Cuveland, J. and De Falco, A. and De Gruttola, D. and De Marco, N. and De Martin, C. and De Pasquale, S. and Deb, S. and Degenhardt, H.F. and Deja, K.R. and Del Grande, R. and Dello Stritto, L. and Deng, W. and Dhankher, P. and Di Bari, D. and Di Mauro, A. and Diaz, R.A. and Dietel, T. and Ding, Y. and Divià, R. and Dixit, D.U. and Djuvsland, Ø. and Dmitrieva, U. and Dobrin, A. and Dönigus, B. and Dubey, A.K. and Dubinski, J.M. and Dubla, A. and Dudi, S. and Dupieux, P. and Durkac, M. and Dzalaiova, N. and Eder, T.M. and Ehlers, R.J. and Eikeland, V.N. and Eisenhut, F. and Elia, D. and Erazmus, B. and Ercolessi, F. and Erhardt, F. and Ersdal, M.R. and Espagnon, B. and Eulisse, G. and Evans, D. and Evdokimov, S. and Fabbietti, L. and Faggin, M. and Faivre, J. and Fan, F. and Fan, W. and Fantoni, A. and Fasel, M. and Fecchio, P. and Feliciello, A. and Feofilov, G. and Fernández Téllez, A. and Ferrer, M.B. and Ferrero, A. and Ferretti, A. and Feuillard, V.J.G. and Figiel, J. and Filova, V. and Finogeev, D. and Fionda, F.M. and Fiorenza, G. and Flor, F. and Flores, A.N. and Foertsch, S. and Fokin, I. and Fokin, S. and Fragiacomo, E. and Frajna, E. and Fuchs, U. and Funicello, N. and Furget, C. and Furs, A. and Gaardhøje, J.J. and Gagliardi, M. and Gago, A.M. and Gal, A. and Galvan, C.D. and Ganoti, P. and Garabatos, C. and Garcia, J.R.A. and Garcia-Solis, E. and Garg, K. and Gargiulo, C. and Garibli, A. and Garner, K. and Gauger, E.F. and Gautam, A. and Gay Ducati, M.B. and Germain, M. and Ghosh, S.K. and Giacalone, M. and Gianotti, P. and Giubellino, P. and Giubilato, P. and Glaenzer, A.M.C. and Glässel, P. and Glimos, E. and Goh, D.J.Q. and Gonzalez, V. and González-Trueba, L.H. and Gorbunov, S. and Gorgon, M. and Görlich, L. and Gotovac, S. and Grabski, V. and Graczykowski, L.K. and Grecka, E. and Greiner, L. and Grelli, A. and Grigoras, C. and Grigoriev, V. and Grigoryan, S. and Grosa, F. and Grosse-Oetringhaus, J.F. and Grosso, R. and Grund, D. and Guardiano, G.G. and Guernane, R. and Guilbaud, M. and Gulbrandsen, K. and Gunji, T. and Guo, W. and Gupta, A. and Gupta, R. and Guzman, S.P. and Gyulai, L. and Habib, M.K. and Hadjidakis, C. and Hamagaki, H. and Hamid, M. and Han, Y. and Hannigan, R. and Haque, M.R. and Harlenderova, A. and Harris, J.W. and Harton, A. and Hasenbichler, J.A. and Hassan, H. and Hatzifotiadou, D. and Hauer, P. and Havener, L.B. and Heckel, S.T. and Hellbär, E. and Helstrup, H. and Herman, T. and Herrera Corral, G. and Herrmann, F. and Hetland, K.F. and Heybeck, B. and Hillemanns, H. and Hills, C. and Hippolyte, B. and Hofman, B. and Hohlweger, B. and Honermann, J. and Hong, G.H. and Horak, D. and Horzyk, A. and Hosokawa, R. and Hou, Y. and Hristov, P. and Hughes, C. and Huhn, P. and Huhta, L.M. and Hulse, C.V. and Humanic, T.J. and Hushnud, H. and Hutson, A. and Hutter, D. and Iddon, J.P. and Ilkaev, R. and Ilyas, H. and Inaba, M. and Innocenti, G.M. and Ippolitov, M. and Isakov, A. and Isidori, T. and Islam, M.S. and Ivanov, M. and Ivanov, V. and Izucheev, V. and Jablonski, M. and Jacak, B. and Jacazio, N. and Jacobs, P.M. and Jadlovska, S. and Jadlovsky, J. and Jaffe, L. and Jahnke, C. and Janik, M.A. and Janson, T. and Jercic, M. and Jevons, O. and Jimenez, A.A.P. and Jonas, F. and Jones, P.G. and Jowett, J.M. and Jung, J. and Jung, M. and Junique, A. and Jusko, A. and Kabus, M.J. and Kaewjai, J. and Kalinak, P. and Kalteyer, A.S. and Kalweit, A. and Kaplin, V. and Karasu Uysal, A. and Karatovic, D. and Karavichev, O. and Karavicheva, T. and Karczmarczyk, P. and Karpechev, E. and Kashyap, V. and Kazantsev, A. and Kebschull, U. and Keidel, R. and Keijdener, D.L.D. and Keil, M. and Ketzer, B. and Khan, A.M. and Khan, S. and Khanzadeev, A. and Kharlov, Y. and Khatun, A. and Khuntia, A. and Kileng, B. and Kim, B. and Kim, C. and Kim, D.J. and Kim, E.J. and Kim, J. and Kim, J.S. and Kim, J. and Kim, J. and Kim, M. and Kim, S. and Kim, T. and Kirsch, S. and Kisel, I. and Kiselev, S. and Kisiel, A. and Kitowski, J.P. and Klay, J.L. and Klein, J. and Klein, S. and Klein-Bösing, C. and Kleiner, M. and Klemenz, T. and Kluge, A. and Knospe, A.G. and Kobdaj, C. and Kollegger, T. and Kondratyev, A. and Kondratyeva, N. and Kondratyuk, E. and Konig, J. and Konigstorfer, S.A. and Konopka, P.J. and Kornakov, G. and Koryciak, S.D. and Kotliarov, A. and Kovalenko, O. and Kovalenko, V. and Kowalski, M. and Králik, I. and Kravčáková, A. and Kreis, L. and Krivda, M. and Krizek, F. and Krizkova Gajdosova, K. and Kroesen, M. and Krüger, M. and Krupova, D.M. and Kryshen, E. and Krzewicki, M. and Kučera, V. and Kuhn, C. and Kuijer, P.G. and Kumaoka, T. and Kumar, D. and Kumar, L. and Kumar, N. and Kundu, S. and Kurashvili, P. and Kurepin, A. and Kurepin, A.B. and Kushpil, S. and Kvapil, J. and Kweon, M.J. and Kwon, J.Y. and Kwon, Y. and La Pointe, S.L. and La Rocca, P. and Lai, Y.S. and Lakrathok, A. and Lamanna, M. and Langoy, R. and Larionov, P. and Laudi, E. and Lautner, L. and Lavicka, R. and Lazareva, T. and Lea, R. and Legras, G. and Lehrbach, J. and Lemmon, R.C. and León Monzón, I. and Lesch, M.M. and Lesser, E.D. and Lettrich, M. and Lévai, P. and Li, X. and Li, X.L. and Lien, J. and Lietava, R. and Lim, B. and Lim, S.H. and Lindenstruth, V. and Lindner, A. and Lippmann, C. and Liu, A. and Liu, D.H. and Liu, J. and Lofnes, I.M. and Loginov, V. and Loizides, C. and Loncar, P. and Lopez, J.A. and Lopez, X. and López Torres, E. and Lu, P. and Luhder, J.R. and Lunardon, M. and Luparello, G. and Ma, Y.G. and Maevskaya, A. and Mager, M. and Mahmoud, T. and Maire, A. and Malaev, M. and Malik, N.M. and Malik, Q.W. and Malik, S.K. and Malinina, L. and Mal'Kevich, D. and Mallick, D. and Mallick, N. and Mandaglio, G. and Manko, V. and Manso, F. and Manzari, V. and Mao, Y. and Margagliotti, G.V. and Margotti, A. and Marín, A. and Markert, C. and Marquard, M. and Martin, N.A. and Martinengo, P. and Martinez, J.L. and Martínez, M.I. and Martínez García, G. and Masciocchi, S. and Masera, M. and Masoni, A. and Massacrier, L. and Mastroserio, A. and Mathis, A.M. and Matonoha, O. and Matuoka, P.F.T. and Matyja, A. and Mayer, C. and Mazuecos, A.L. and Mazzaschi, F. and Mazzilli, M. and Mdhluli, J.E. and Mechler, A.F. and Melikyan, Y. and Menchaca-Rocha, A. and Meninno, E. and Menon, A.S. and Meres, M. and Mhlanga, S. and Miake, Y. and Micheletti, L. and Migliorin, L.C. and Mihaylov, D.L. and Mikhaylov, K. and Mishra, A.N. and Miśkowiec, D. and Modak, A. and Mohanty, A.P. and Mohanty, B. and Mohisin Khan, M. and Molander, M.A. and Moravcova, Z. and Mordasini, C. and Moreira De Godoy, D.A. and Morozov, I. and Morsch, A. and Mrnjavac, T. and Muccifora, V. and Mudnic, E. and Muhuri, S. and Mulligan, J.D. and Mulliri, A. and Munhoz, M.G. and Munzer, R.H. and Murakami, H. and Murray, S. and Musa, L. and Musinsky, J. and Myrcha, J.W. and Naik, B. and Nair, R. and Nandi, B.K. and Nania, R. and Nappi, E. and Nassirpour, A.F. and Nath, A. and Nattrass, C. and Neagu, A. and Negru, A. and Nellen, L. and Nesbo, S.V. and Neskovic, G. and Nesterov, D. and Nielsen, B.S. and Nielsen, E.G. and Nikolaev, S. and Nikulin, S. and Nikulin, V. and Noferini, F. and Noh, S. and Nomokonov, P. and Norman, J. and Novitzky, N. and Nowakowski, P. and Nyanin, A. and Nystrand, J. and Ogino, M. and Ohlson, A. and Okorokov, V.A. and Oleniacz, J. and Oliveira Da Silva, A.C. and Oliver, M.H. and Onnerstad, A. and Oppedisano, C. and Ortiz Velasquez, A. and Oskarsson, A. and Otwinowski, J. and Oya, M. and Oyama, K. and Pachmayer, Y. and Padhan, S. and Pagano, D. and Paić, G. and Palasciano, A. and Panebianco, S. and Park, J. and Parkkila, J.E. and Pathak, S.P. and Patra, R.N. and Paul, B. and Pei, H. and Peitzmann, T. and Peng, X. and Pereira, L.G. and Pereira Da Costa, H. and Peresunko, D. and Perez, G.M. and Perrin, S. and Pestov, Y. and Petráček, V. and Petrov, V. and Petrovici, M. and Pezzi, R.P. and Piano, S. and Pikna, M. and Pillot, P. and Pinazza, O. and Pinsky, L. and Pinto, C. and Pisano, S. and Płoskoń, M. and Planinic, M. and Pliquett, F. and Poghosyan, M.G. and Politano, S. and Poljak, N. and Pop, A. and Porteboeuf-Houssais, S. and Porter, J. and Pozdniakov, V. and Prasad, S.K. and Prasad, S. and Preghenella, R. and Prino, F. and Pruneau, C.A. and Pshenichnov, I. and Puccio, M. and Pugelova, Z. and Qiu, S. and Quaglia, L. and Quishpe, R.E. and Ragoni, S. and Rakotozafindrabe, A. and Ramello, L. and Rami, F. and Ramirez, S.A.R. and Rancien, T.A. and Raniwala, R. and Raniwala, S. and Räsänen, S.S. and Rath, R. and Ravasenga, I. and Read, K.F. and Redelbach, A.R. and Redlich, K. and Rehman, A. and Reichelt, P. and Reidt, F. and Reme-Ness, H.A. and Rescakova, Z. and Reygers, K. and Riabov, A. and Riabov, V. and Ricci, R. and Richert, T. and Richter, M. and Riegler, W. and Riggi, F. and Ristea, C. and Rodríguez Cahuantzi, M. and Røed, K. and Rogalev, R. and Rogochaya, E. and Rogoschinski, T.S. and Rohr, D. and Röhrich, D. and Rojas, P.F. and Rojas Torres, S. and Rokita, P.S. and Ronchetti, F. and Rosano, A. and Rosas, E.D. and Rossi, A. and Roy, A. and Roy, P. and Roy, S. and Rubini, N. and Ruggiano, D. and Rui, R. and Rumyantsev, B. and Russek, P.G. and Russo, R. and Rustamov, A. and Ryabinkin, E. and Ryabov, Y. and Rybicki, A. and Rytkonen, H. and Rzesa, W. and Saarimaki, O.A.M. and Sadek, R. and Sadovsky, S. and Saetre, J. and Šafařík, K. and Saha, S.K. and Saha, S. and Sahoo, B. and Sahoo, P. and Sahoo, R. and Sahoo, S. and Sahu, D. and Sahu, P.K. and Saini, J. and Sajdakova, K. and Sakai, S. and Salvan, M.P. and Sambyal, S. and Saramela, T.B. and Sarkar, D. and Sarkar, N. and Sarma, P. and Sarritzu, V. and Sarti, V.M. and Sas, M.H.P. and Schambach, J. and Scheid, H.S. and Schiaua, C. and Schicker, R. and Schmah, A. and Schmidt, C. and Schmidt, H.R. and Schmidt, M.O. and Schmidt, M. and Schmidt, N.V. and Schmier, A.R. and Schotter, R. and Schukraft, J. and Schwarz, K. and Schweda, K. and Scioli, G. and Scomparin, E. and Seger, J.E. and Sekiguchi, Y. and Sekihata, D. and Selyuzhenkov, I. and Senyukov, S. and Seo, J.J. and Serebryakov, D. and Šerkšnytė, L. and Sevcenco, A. and Shaba, T.J. and Shabanov, A. and Shabetai, A. and Shahoyan, R. and Shaikh, W. and Shangaraev, A. and Sharma, A. and Sharma, D. and Sharma, H. and Sharma, M. and Sharma, N. and Sharma, S. and Sharma, U. and Shatat, A. and Sheibani, O. and Shigaki, K. and Shimomura, M. and Shirinkin, S. and Shou, Q. and Sibiriak, Y. and Siddhanta, S. and Siemiarczuk, T. and Silva, T.F. and Silvermyr, D. and Simantathammakul, T. and Simeonov, R. and Simonetti, G. and Singh, B. and Singh, B. and Singh, R. and Singh, R. and Singh, R. and Singh, V.K. and Singhal, V. and Sinha, T. and Sitar, B. and Sitta, M. and Skaali, T.B. and Skorodumovs, G. and Slupecki, M. and Smirnov, N. and Snellings, R.J.M. and Solheim, E.H. and Soncco, C. and Song, J. and Songmoolnak, A. and Soramel, F. and Sorensen, S.P. and Soto Camacho, R. and Spijkers, R. and Sputowska, I. and Staa, J. and Stachel, J. and Stan, I. and Steffanic, P.J. and Stiefelmaier, S.F. and Stocco, D. and Storehaug, I. and Storetvedt, M.M. and Stratmann, P. and Strazzi, S. and Stylianidis, C.P. and Suaide, A.A.P. and Suire, C. and Sukhanov, M. and Suljic, M. and Sumberia, V. and Sumowidagdo, S. and Swain, S. and Szabo, A. and Szarka, I. and Tabassam, U. and Taghavi, S.F. and Taillepied, G. and Takahashi, J. and Tambave, G.J. and Tang, S. and Tang, Z. and Tapia Takaki, J.D. and Tapus, N. and Tarasovicova, L.A. and Tarzila, M.G. and Tassielli, G.F. and Tauro, A. and Telesca, A. and Terlizzi, L. and Terrevoli, C. and Tersimonov, G. and Thakur, S. and Thomas, D. and Tieulent, R. and Tikhonov, A. and Timmins, A.R. and Tkacik, M. and Tkacik, T. and Toia, A. and Topilskaya, N. and Toppi, M. and Torales-Acosta, F. and Tork, T. and Torres Ramos, A.G. and Trifiró, A. and Triolo, A.S. and Tripathy, S. and Tripathy, T. and Trogolo, S. and Trubnikov, V. and Trzaska, W.H. and Trzcinski, T.P. and Turrisi, R. and Tveter, T.S. and Ullaland, K. and Ulukutlu, B. and Uras, A. and Urioni, M. and Usai, G.L. and Vala, M. and Valle, N. and Vallero, S. and Van Doremalen, L.V.R. and Van Leeuwen, M. and Van Veen, C.A. and Van Weelden, R.J.G. and Vande Vyvre, P. and Varga, D. and Varga, Z. and Varga-Kofarago, M. and Vasileiou, M. and Vasiliev, A. and Vázquez Doce, O. and Vazquez Rueda, O. and Vechernin, V. and Vercellin, E. and Vergara Limón, S. and Vermunt, L. and Vértesi, R. and Verweij, M. and Vickovic, L. and Vilakazi, Z. and Villalobos Baillie, O. and Vino, G. and Vinogradov, A. and Virgili, T. and Vislavicius, V. and Vodopyanov, A. and Volkel, B. and Völkl, M.A. and Voloshin, K. and Voloshin, S.A. and Volpe, G. and Von Haller, B. and Vorobyev, I. and Vozniuk, N. and Vrláková, J. and Wagner, B. and Wang, C. and Wang, D. and Weber, M. and Wegrzynek, A. and Weiglhofer, F.T. and Wenzel, S.C. and Wessels, J.P. and Weyhmiller, S.L. and Wiechula, J. and Wikne, J. and Wilk, G. and Wilkinson, J. and Willems, G.A. and Windelband, B. and Winn, M. and Wright, J.R. and Wu, W. and Wu, Y. and Xu, R. and Yadav, A.K. and Yalcin, S. and Yamaguchi, Y. and Yamakawa, K. and Yang, S. and Yano, S. and Yin, Z. and Yoo, I.-K. and Yoon, J.H. and Yuan, S. and Yuncu, A. and Zaccolo, V. and Zampolli, C. and Zanoli, H.J.C. and Zanone, F. and Zardoshti, N. and Zarochentsev, A. and Závada, P. and Zaviyalov, N. and Zhalov, M. and Zhang, B. and Zhang, S. and Zhang, X. and Zhang, Y. and Zhao, M. and Zherebchevskii, V. and Zhi, Y. and Zhigareva, N. and Zhou, D. and Zhou, Y. and Zhu, J. and Zhu, Y. and Zinovjev, G. and Zurlo, N. and {The ALICE collaboration}},
	month = feb,
	year = {2024},
	pages = {P02039},
}

@phdthesis{Maettig:1513982,
	title = {Luminosity {Measurements} with the {ATLAS} {Detector}},
	url = {https://cds.cern.ch/record/1513982},
	urldate = {2024-11-27},
	school = {Hamburg U.},
	author = {Maettig, Stefan},
	year = {2012},
}

@article{Babaev2024,
	title = {Impact of beam–beam effects on absolute luminosity calibrations at the {CERN} {Large} {Hadron} {Collider}},
	volume = {84},
	issn = {1434-6052},
	url = {https://link.springer.com/10.1140/epjc/s10052-023-12192-5},
	doi = {10.1140/epjc/s10052-023-12192-5},
	language = {en},
	number = {1},
	urldate = {2024-11-27},
	journal = {The European Physical Journal C},
	author = {Babaev, A. and Barklow, T. and Karacheban, O. and Kozanecki, W. and Kralik, I. and Mehta, A. and Pasztor, G. and Pieloni, T. and Stickland, D. and Tambasco, C. and Tomas, R. and Wańczyk, J.},
	month = jan,
	year = {2024},
	pages = {17},
}

@misc{Persson:2750277,
	title = {{LHC} {Optics} {Corrections} in {Run} 2},
	url = {https://cds.cern.ch/record/2750277},
	urldate = {2024-11-27},
	author = {Persson, T. and Carlier, F. and Coello, J. and Dilly, J. and Fartoukh, S. and Fol, E. and Garcia-Tabares, A. and Giovannozzi, M. and Hofer, M. and Maclean, E. H. and Malina, L. and Skowronski, P. K. and Spitznagel, M. L. and Tomás, R. and Wegscheider, A. and Wenninger, J},
	year = {2019},
}

@article{Klute_2017,
	title = {Beam imaging and luminosity calibration},
	copyright = {Creative Commons Attribution-Noncommercial-Share Alike},
	url = {https://dspace.mit.edu/handle/1721.1/134474},
	language = {en},
	urldate = {2024-11-27},
	journal = {arXiv},
	author = {Klute, M. and Medlock, C. and Salfeld-Nebgen, J.},
	year = {2017},
}

@misc{Belohrad:1267400,
	address = {Geneva},
	title = {The {LHC} {Fast} {BCT} system: {A} comparison of {Design} {Parameters} with {Initial} {Performance}},
	shorttitle = {The {LHC} {Fast} {BCT} system},
	url = {https://cds.cern.ch/record/1267400},
	urldate = {2024-11-27},
	publisher = {CERN},
	author = {Belohrad, D. and Jensen, LK. and Jones, OR. and Ludwig, M. and Savioz, JJ.},
	year = {2010},
}

@misc{Odier:1183400,
	address = {Geneva},
	title = {The {DCCT} for the {LHC} {Beam} {Intensity} {Measurement}},
	url = {https://cds.cern.ch/record/1183400},
	urldate = {2024-11-27},
	publisher = {CERN},
	author = {Odier, P. and Ludwig, M. and Thoulet, S.},
	year = {2009},
}

@misc{Barschel:2649533,
	title = {Results of the {LHC} {DCCT} {Calibration} {Studies}},
	url = {https://cds.cern.ch/record/2649533},
	urldate = {2024-11-27},
	author = {Barschel, C.},
	year = {2012},
}

@article{Gras:1379466,
	title = {Optimization of the {LHC} beam current transformers for accurate luminosity determination},
	url = {https://cds.cern.ch/record/1379466},
	urldate = {2024-11-27},
	author = {Gras, J. J. and Belohrad, D. and Ludwig, M. and Odier, P. and Barschel, C},
	year = {2011},
}

@misc{Alici:1427728,
	title = {Study of the {LHC} ghost charge and satellite bunches for luminosity calibration.},
	url = {https://cds.cern.ch/record/1427728},
	urldate = {2024-11-27},
	author = {Alici, A. and Anders, G. and Bacchetta, N. and Balagura, V. and Barschel, C. and Bravin, E. and Burkhardt, H. and Ferro-Luzzi, M. and Gagliardi, M. and Gras, J. J. and Heinemann, B. and Hopchev, P. and Huhtinen, M. and Jeff, A. and Kozanecki, W. and Pagan Griso, S. and Panman, J. and White, S. and Zuranski, A},
	year = {2012},
}

@misc{CMS-PAS-LUM-22-001,
	title = {Luminosity measurement in proton-proton collisions at 13.6 {TeV} in 2022 at {CMS}},
	url = {https://cds.cern.ch/record/2890833},
	urldate = {2024-11-27},
	publisher = {CERN},
	year = {2024},
}

@misc{CMS-DP-2024-068,
	title = {Measurement of the offline integrated luminosity for the {CMS} proton-proton collision dataset recorded in 2023},
	url = {https://cds.cern.ch/record/2904808},
	urldate = {2024-11-27},
	year = {2024},
}

@misc{Bassetti:122227,
	address = {Geneva},
	title = {Closed expression for the electrical field of a two-dimensional {Gaussian} charge},
	url = {https://cds.cern.ch/record/122227},
	urldate = {2024-11-27},
	publisher = {CERN},
	author = {Bassetti, M. and Erskine, George A},
	year = {1980},
}

@article{PhysRevLett.62.2949,
	title = {Observation of beam-beam deflections at the interaction point of the {SLAC} {Linear} {Collider}},
	volume = {62},
	copyright = {http://link.aps.org/licenses/aps-default-license},
	issn = {0031-9007},
	url = {https://link.aps.org/doi/10.1103/PhysRevLett.62.2949},
	doi = {10.1103/PhysRevLett.62.2949},
	language = {en},
	number = {25},
	urldate = {2024-11-27},
	journal = {Physical Review Letters},
	author = {Bambade, P. and Erickson, R. and Koska, W. A. and Kozanecki, W. and Phinney, N. and Wagner, S. R.},
	month = jun,
	year = {1989},
	pages = {2949--2952},
}

@misc{babaev2021coherentdeflectionellipticbunches,
	title = {Coherent deflection of elliptic bunches colliding at crossing angle},
	copyright = {Creative Commons Attribution 4.0 International},
	url = {https://arxiv.org/abs/2104.02595},
	doi = {10.48550/ARXIV.2104.02595},
	urldate = {2024-11-27},
	publisher = {arXiv},
	author = {Babaev, Anton},
	year = {2021},
	keywords = {Accelerator Physics (physics.acc-ph), FOS: Physical sciences, FOS: Physical sciences},
}

@misc{Gąsior:2313935,
	title = {First {Operational} {Experience} with the {LHC} {Diode} {ORbit} and {OScillation} ({DOROS}) {System}},
	url = {https://cds.cern.ch/record/2313935},
	urldate = {2024-11-27},
	author = {Gąsior, Marek and Baud, Guillaume and Olexa, Jakub and Valentino, Gianluca},
	year = {2017},
}

@misc{knolle2019factorizationbiasvander,
	title = {The factorization bias in the {Van} der {Meer} method: {Run} 2 experiences at the {CMS} experiment},
	copyright = {arXiv.org perpetual, non-exclusive license},
	shorttitle = {The factorization bias in the {Van} der {Meer} method},
	url = {https://arxiv.org/abs/1910.14066},
	doi = {10.48550/ARXIV.1910.14066},
	urldate = {2024-11-27},
	publisher = {arXiv},
	author = {Knolle, Joscha},
	year = {2019},
	keywords = {High Energy Physics - Experiment (hep-ex), FOS: Physical sciences, FOS: Physical sciences},
}

@phdthesis{Knolle:442689,
	title = {Measuring luminosity and the {\textbackslash}mathrmt{\textbackslash}bar{\textbackslash}mathrmt{\textbackslash}{mathrmZ} production cross section with the {CMS} experiment},
	url = {https://cds.cern.ch/record/2744549},
	urldate = {2024-11-27},
	school = {Hamburg U.},
	author = {Knolle, Joscha},
	year = {2020},
}

@misc{CMS-PAS-LUM-18-002,
	author = {{CMS Collaboration}},
	title = {{CMS} luminosity measurement for the 2018 data-taking period at $\sqrt{s}$ = 13 {TeV}},
	url = {https://cds.cern.ch/record/2676164},
	urldate = {2024-11-27},
	publisher = {CERN},
	year = {2019},
}

@misc{VdMFramework,
	title = {{VdM} {Framework}},
	url = {https://gitlab.cern.ch/bril/VdMFramework},
	journal = {gitlab},
	author = {{BRIL Collaboration}},
}

@misc{xie_bril,
	title = {{BRIL} {Work} {Suite}},
	url = {https://cms-service-lumi.web.cern.ch/cms-service-lumi/brilwsdoc.html},
	author = {Xie, Zhen},
}

@inproceedings{koranne2011hierarchical,
	address = {Boston, MA},
	title = {Hierarchical {Data} {Format} 5 : {HDF5}},
	isbn = {9781441977182 9781441977199},
	shorttitle = {Hierarchical {Data} {Format} 5},
	url = {https://link.springer.com/10.1007/978-1-4419-7719-9_10},
	doi = {10.1007/978-1-4419-7719-9_10},
	language = {en},
	urldate = {2024-11-27},
	publisher = {Springer US},
	author = {Koranne, Sandeep},
	collaborator = {Koranne, Sandeep},
	year = {2011},
	pages = {191--200},
}

@article{Brigljevic:845273,
	title = {Using {XDAQ} in {Application} {Scenarios} of the {CMS} {Experiment}. {COMPACT} {MUON} {SOLENOID}},
	volume = {0303241},
	url = {https://cds.cern.ch/record/845273},
	urldate = {2024-11-27},
	journal = {eConf C},
	author = {Brigljevic, V. and Bruno, G. and Cano, E. and Csilling, A. and Cittolin, S. and Gigi, D. and Glege, F. and Gulmini, M. and Gutleber, J. and Jacobs, C. and Kozlowski, M. and Larsen, H. and Magrans, I. and Meijers, F. and Meschi, E. and Mirabito, L. and Murray, S. and Oh, A. and Orsini, L. and Pollet, L. and Racz, A. and Samyn, D. and Scharff-Hansen, P. and Sphicas, P. and Schwick, C. and Drouhin, F. and Berti, L. and Maron, G. and Toniolo, N. and Zangrando, L. and Ventura, S. and Erhan, S. and O'Dell, V. and Suzuki, I.},
	year = {2003},
	pages = {MOGT008},
}

@misc{pep318,
	title = {{PEP} 318 – {Decorators} for {Functions} and {Methods} {\textbar} peps.python.org},
	url = {https://peps.python.org/pep-0318/},
	language = {en},
	urldate = {2024-11-27},
	journal = {Python Enhancement Proposals (PEPs)},
}

@misc{pep3115,
	title = {{PEP} 3115 – {Metaclasses} in {Python} 3000 {\textbar} peps.python.org},
	url = {https://peps.python.org/pep-3115/},
	language = {en},
	urldate = {2024-11-27},
	journal = {Python Enhancement Proposals (PEPs)},
}
